<collection xmlns="http://www.loc.gov/MARC21/slim">
<record>
  <leader>00731nam0a22001571i 450 </leader>
  <controlfield tag="001">IT\ICCU\CNCE\015605</controlfield>
  <controlfield tag="005">20020805000000.0</controlfield>
  <datafield tag="100" ind1=" " ind2=" ">
    <subfield code="a">19970101d1528        0itac0103    ba</subfield>
  </datafield>
  <datafield tag="101" ind1=" " ind2=" ">
    <subfield code="a">ITA</subfield>
  </datafield>
  <datafield tag="102" ind1=" " ind2=" ">
    <subfield code="a">IT</subfield>
  </datafield>
  <datafield tag="200" ind1="1" ind2=" ">
    <subfield code="a">Essendo nellano corrente MCCCCCXXVII molta necessita et carestia di grano et altre vittoalie nella patria del Monferrato... Incominciano e capitoli fatti per la Compagnia della Misericordia ne linclita Citta di Casale</subfield>
  </datafield>
  <datafield tag="210" ind1=" " ind2=" ">
    <subfield code="a">In Oppido Trini</subfield>
    <subfield code="c">per Dominicum Vernetum</subfield>
    <subfield code="d">1528</subfield>
  </datafield>
  <datafield tag="215" ind1=" " ind2=" ">
    <subfield code="a">fol</subfield>
  </datafield>
  <datafield tag="710" ind1="0" ind2="2">
    <subfield code="a">Confraternita della Misericordia</subfield>
    <subfield code="c"> &lt;Casale&gt;</subfield>
    <subfield code="3">IT\ICCU\CNCT\004130</subfield>
  </datafield>
  <datafield tag="791" ind1="0" ind2="2">
    <subfield code="a">Compagnia della Misericordia</subfield>
    <subfield code="c"> &lt;Casale&gt;</subfield>
    <subfield code="3">IT\ICCU\CNCT\004131</subfield>
    <subfield code="z">Confraternita della Misericordia &lt;Casale&gt;</subfield>
  </datafield>
  <datafield tag="801" ind1=" " ind2="3">
    <subfield code="a">IT</subfield>
    <subfield code="b">ICCU</subfield>
    <subfield code="c">20201114</subfield>
  </datafield>
</record>
</collection>
